@book{ehf,
  title={Representation Theory and Complex Geometry},
  author={Chriss, N. and ginzburg, victor},
  isbn={9780817649388},
  lccn={94027574},
  series={Modern Birkh{\"a}user Classics},
  url={https://books.google.com/books?id=OZlCAAAAQBAJ},
  year={2009},
  publisher={Birkh{\"a}user Boston}
}

@article{geomRSK,
title = {An occurrence of the Robinson-Schensted correspondence},
journal = {Journal of Algebra},
volume = {113},
number = {2},
pages = {523-528},
year = {1988},
issn = {0021-8693},
doi = {https://doi.org/10.1016/0021-8693(88)90177-9},
url = {https://www.sciencedirect.com/science/article/pii/0021869388901779},
author = {Robert Steinberg}
}